<collection xmlns="http://www.loc.gov/MARC21/slim">
<record>
  <leader>03572nam0a2200541 i 450 </leader>
  <controlfield tag="001">IT\ICCU\CNCE\007981</controlfield>
  <controlfield tag="005">20051003000000.0</controlfield>
  <datafield tag="012" ind1=" " ind2=" ">
    <subfield code="a">u-48 72r. lec- qddi (3) 1541 (R)</subfield>
    <subfield code="2">fei</subfield>
  </datafield>
  <datafield tag="100" ind1=" " ind2=" ">
    <subfield code="a">19970101d1541        0itac0103    ba</subfield>
  </datafield>
  <datafield tag="101" ind1=" " ind2=" ">
    <subfield code="a">LAT</subfield>
  </datafield>
  <datafield tag="102" ind1=" " ind2=" ">
    <subfield code="a">IT</subfield>
  </datafield>
  <datafield tag="200" ind1="1" ind2=" ">
    <subfield code="a">Burleus in artem veterem Gualterij Burlei Anglici: doctoris consummatissimi: in Ysagogas Porphyrij: Gilbertum Poretanum: et artem veterem Aristotelis preclarissima commentaria: cum duplici textus translatione: antiqua scilicet et Joannis Argyropili: nuncprimum addita. Nouissime post omnes impressiones vbique terrarum excussas: collatis multis exemplaribus: affatim recognita: cunctisque mendis et erroribus expurgata. Adiectis insuper quampluribus marginalibus apostillis: necnon copioso repertorio nouiterexogitato ...</subfield>
  </datafield>
  <datafield tag="210" ind1=" " ind2=" ">
    <subfield code="a">Venetiis</subfield>
    <subfield code="c">\Lucantonio Giunta!</subfield>
    <subfield code="d">1541</subfield>
    <subfield code="e">Venetijs</subfield>
    <subfield code="g">mandato &amp; expensis heredum Luceantonij Iunte Florentini</subfield>
    <subfield code="h">1541 die 2 Martij</subfield>
  </datafield>
  <datafield tag="215" ind1=" " ind2=" ">
    <subfield code="a">\6!, 95, \1! c.</subfield>
    <subfield code="d">fol</subfield>
  </datafield>
  <datafield tag="620" ind1=" " ind2=" ">
    <subfield code="a">IT</subfield>
    <subfield code="d">Venezia</subfield>
  </datafield>
  <datafield tag="700" ind1=" " ind2="1">
    <subfield code="a">Burley,</subfield>
    <subfield code="b">Walter</subfield>
    <subfield code="3">IT\ICCU\CNCA\002139</subfield>
  </datafield>
  <datafield tag="702" ind1=" " ind2="0">
    <subfield code="a">Aristoteles</subfield>
    <subfield code="3">IT\ICCU\CNCA\000006</subfield>
  </datafield>
  <datafield tag="702" ind1=" " ind2="0">
    <subfield code="a">Porphyrius</subfield>
    <subfield code="3">IT\ICCU\CNCA\000166</subfield>
  </datafield>
  <datafield tag="702" ind1=" " ind2="0">
    <subfield code="a">Gilbertus</subfield>
    <subfield code="c"> : Porretanus</subfield>
    <subfield code="3">IT\ICCU\CNCA\000271</subfield>
  </datafield>
  <datafield tag="702" ind1=" " ind2="1">
    <subfield code="a">Argyropoulos,</subfield>
    <subfield code="b">Iohannes</subfield>
    <subfield code="3">IT\ICCU\CNCA\001056</subfield>
  </datafield>
  <datafield tag="712" ind1="0" ind2="0">
    <subfield code="a">Giunta, Lucantonio</subfield>
    <subfield code="c"> &lt;1.&gt; - eredi</subfield>
    <subfield code="3">IT\ICCU\CNCT\000312</subfield>
    <subfield code="4">650</subfield>
  </datafield>
  <datafield tag="790" ind1=" " ind2="1">
    <subfield code="a">Burleus,</subfield>
    <subfield code="b">Gualterius</subfield>
    <subfield code="3">IT\ICCU\CNCA\012900</subfield>
    <subfield code="z">Burley, Walter</subfield>
  </datafield>
  <datafield tag="790" ind1=" " ind2="1">
    <subfield code="a">Burlaeus,</subfield>
    <subfield code="b">Gualterus</subfield>
    <subfield code="3">IT\ICCU\CNCA\026279</subfield>
    <subfield code="z">Burley, Walter</subfield>
  </datafield>
  <datafield tag="790" ind1=" " ind2="0">
    <subfield code="a">Aristotele</subfield>
    <subfield code="3">IT\ICCU\CNCA\018928</subfield>
    <subfield code="z">Aristoteles</subfield>
  </datafield>
  <datafield tag="790" ind1=" " ind2="0">
    <subfield code="a">Porfirio</subfield>
    <subfield code="c"> : di#Tiro</subfield>
    <subfield code="3">IT\ICCU\CNCA\014929</subfield>
    <subfield code="z">Porphyrius</subfield>
  </datafield>
  <datafield tag="790" ind1=" " ind2="0">
    <subfield code="a">Porphyrius</subfield>
    <subfield code="c"> : Tyrius</subfield>
    <subfield code="3">IT\ICCU\CNCA\018848</subfield>
    <subfield code="z">Porphyrius</subfield>
  </datafield>
  <datafield tag="790" ind1=" " ind2="0">
    <subfield code="a">Porphyrios</subfield>
    <subfield code="3">IT\ICCU\CNCA\022676</subfield>
    <subfield code="z">Porphyrius</subfield>
  </datafield>
  <datafield tag="790" ind1=" " ind2="0">
    <subfield code="a">Gilbert</subfield>
    <subfield code="c"> : de#la Porrě</subfield>
    <subfield code="3">IT\ICCU\CNCA\014221</subfield>
    <subfield code="z">Gilbertus : Porretanus</subfield>
  </datafield>
  <datafield tag="790" ind1=" " ind2="1">
    <subfield code="a">Porretanus,</subfield>
    <subfield code="b">Gilbertus</subfield>
    <subfield code="3">IT\ICCU\CNCA\019844</subfield>
    <subfield code="z">Gilbertus : Porretanus</subfield>
  </datafield>
  <datafield tag="790" ind1=" " ind2="1">
    <subfield code="a">La_Porě,</subfield>
    <subfield code="b">Gilbert : de</subfield>
    <subfield code="3">IT\ICCU\CNCA\019846</subfield>
    <subfield code="z">Gilbertus : Porretanus</subfield>
  </datafield>
  <datafield tag="790" ind1=" " ind2="1">
    <subfield code="a">Argiropulo,</subfield>
    <subfield code="b">Giovanni</subfield>
    <subfield code="3">IT\ICCU\CNCA\028652</subfield>
    <subfield code="z">Argyropoulos, Iohannes</subfield>
  </datafield>
  <datafield tag="790" ind1=" " ind2="1">
    <subfield code="a">Argyropulos,</subfield>
    <subfield code="b">Iohannes</subfield>
    <subfield code="3">IT\ICCU\CNCA\028653</subfield>
    <subfield code="z">Argyropoulos, Iohannes</subfield>
  </datafield>
  <datafield tag="790" ind1=" " ind2="1">
    <subfield code="a">Arguropoulos,</subfield>
    <subfield code="b">Ioannes</subfield>
    <subfield code="3">IT\ICCU\CNCA\028654</subfield>
    <subfield code="z">Argyropoulos, Iohannes</subfield>
  </datafield>
  <datafield tag="801" ind1=" " ind2="3">
    <subfield code="a">IT</subfield>
    <subfield code="b">ICCU</subfield>
    <subfield code="c">20201113</subfield>
  </datafield>
  <datafield tag="899" ind1=" " ind2=" ">
    <subfield code="a">Biblioteca regionale universitaria. Catania</subfield>
    <subfield code="1">CT0062</subfield>
    <subfield code="2">PAL BC</subfield>
  </datafield>
  <datafield tag="899" ind1=" " ind2=" ">
    <subfield code="a">Biblioteca comunale Ariostea. Ferrara</subfield>
    <subfield code="1">FE0017</subfield>
    <subfield code="2">UFE AR</subfield>
  </datafield>
  <datafield tag="899" ind1=" " ind2=" ">
    <subfield code="a">Biblioteca comunale Mozzi-Borgetti. Macerata</subfield>
    <subfield code="1">MC0049</subfield>
    <subfield code="2">UMC CM</subfield>
  </datafield>
  <datafield tag="899" ind1=" " ind2=" ">
    <subfield code="a">Biblioteca nazionale Vittorio Emanuele III. Napoli</subfield>
    <subfield code="1">NA0079</subfield>
    <subfield code="2">NAP BN</subfield>
  </datafield>
  <datafield tag="899" ind1=" " ind2=" ">
    <subfield code="a">Biblioteca centrale della Regione siciliana Alberto Bombace. Palermo</subfield>
    <subfield code="1">PA0064</subfield>
    <subfield code="2">PAL BP</subfield>
  </datafield>
  <datafield tag="899" ind1=" " ind2=" ">
    <subfield code="a">Biblioteca del Seminario Vescovile della Facolt ̉Teologica del Triveneto dell&apos;Istituto Filosofico Aloisianum. Padova</subfield>
    <subfield code="1">PD0073</subfield>
    <subfield code="2">PUV 01</subfield>
  </datafield>
  <datafield tag="899" ind1=" " ind2=" ">
    <subfield code="a">Collezione privata L. Serego Alighieri. Castel del Piano Umbro</subfield>
    <subfield code="1">PG0388</subfield>
    <subfield code="2">ZPG 42</subfield>
  </datafield>
  <datafield tag="899" ind1=" " ind2=" ">
    <subfield code="a">Biblioteca del venerabile Eremo di Fonte Avellana. Serra Sant&apos; Abbondio</subfield>
    <subfield code="1">PU0086</subfield>
    <subfield code="2">URB EA</subfield>
  </datafield>
  <datafield tag="899" ind1=" " ind2=" ">
    <subfield code="a">Biblioteca comunale Fabrizio Trisi. Lugo</subfield>
    <subfield code="1">RA0025</subfield>
    <subfield code="2">RAV CE</subfield>
  </datafield>
  <datafield tag="899" ind1=" " ind2=" ">
    <subfield code="a">Biblioteca nazionale centrale. Roma</subfield>
    <subfield code="1">RM0267</subfield>
    <subfield code="2">BVE CR</subfield>
  </datafield>
  <datafield tag="899" ind1=" " ind2=" ">
    <subfield code="a">Biblioteca universitaria Alessandrina. Roma</subfield>
    <subfield code="1">RM0280</subfield>
    <subfield code="2">RML 01</subfield>
  </datafield>
  <datafield tag="899" ind1=" " ind2=" ">
    <subfield code="a">Biblioteca comunale di Velletri - Fondo antico. Velletri</subfield>
    <subfield code="z">MUTILO</subfield>
    <subfield code="1">RM0611</subfield>
    <subfield code="2">RMS L9</subfield>
  </datafield>
  <datafield tag="899" ind1=" " ind2=" ">
    <subfield code="a">Biblioteca provinciale. Salerno</subfield>
    <subfield code="1">SA0063</subfield>
    <subfield code="2">CAM PS</subfield>
  </datafield>
  <datafield tag="921" ind1=" " ind2=" ">
    <subfield code="a">IT\ICCU\CNCM\000384</subfield>
    <subfield code="b">Giglio fiorentino e iniziali L.A. circondati da ghirlanda sorretta da due putti.</subfield>
    <subfield code="c">Z626</subfield>
    <subfield code="f">GIGLIO</subfield>
    <subfield code="f">PUTTI</subfield>
    <subfield code="f">GHIRLANDA</subfield>
    <subfield code="f">LA</subfield>
    <subfield code="g">1531-1544</subfield>
  </datafield>
</record>
</collection>
